2468 4568
559 371 572 461 l
595 372 636 440 5²
659 371 672 459 l

132 509 326 576 Filumenta
331 520 467 601 connata
477 532 509 578 v.
521 510 684 578 distincta.
695 509 794 600 Cape.
806 513 937 600 globosa
951 513 1091 601 trigibba

132 634 317 722 v.elongata
328 633 471 721 trigona,
482 635 724 701 membrauosa:
733 647 846 702 caetera
852 635 922 702 fere
933 638 1048 702 Imms
1055 636 1091 701 in

132 778 254 846 parvo,
266 756 328 822 nisi
339 758 428 844 quod
440 758 607 824 seminum
621 770 704 824 testa
719 760 894 845 nunquam
904 755 977 828 non
983 760 1093 848 glabra

133 893 228 967 atque
247 881 365 946 tenuis.

177 1161 306 1227 Herboe
322 1160 465 1226 unciales
477 1184 510 1230 v.
525 1161 769 1250 subtripedales.
782 1160 883 1226 Folia
897 1160 1031 1246 bifaria,
1046 1184 1094 1227 ru·

134 1267 261 1334 diaulia
268 1267 384 1357 saepiits
391 1288 492 1356 pauca
501 1265 589 1354 (raro
600 1265 750 1356 unicum)
761 1267 1095 1337 fistuloso-convoluta

132 1397 166 1441 v.
178 1373 542 1461 canaliculato-trigona,
551 1374 751 1461 plerumque
758 1374 1007 1458 tereticsudata,
1017 1376 1093 1439 raro

133 1483 171 1546 in
184 1502 317 1546 summo
338 1501 432 1569 scapo
448 1501 528 1545 cum
542 1478 680 1544 floribus
692 1478 824 1545 collecta
836 1502 847 1564 3
860 1480 996 1557 caulinc
1011 1482 1095 1570 saepe

131 1585 240 1653 axillis
257 1583 433 1651 bulbifera.
454 1582 570 1648 Oculis
585 1583 625 1648 ad
638 1585 948 1671 nodum-quemque
967 1586 1097 1673 vagina·

131 1704 203 1778 tus,
221 1692 296 1756 raro
313 1691 425 1756 enodis
442 1688 587 1776 simplex
600 1701 632 1754 et
646 1711 781 1778 scapum
798 1691 973 1775 simulans,
988 1689 1097 1756 rarius

132 1798 245 1886 stipes,
262 1799 345 1884 saep‘e
359 1817 524 1878 ramosus,
542 1794 712 1861 interdum
731 1797 968 1862 ramosissimus
983 1794 1095 1863 :rasni

131 1901 266 1967 solitarii
286 1923 319 1969 v.
333 1884 492 1987 aggregati
511 1897 662 1988 (duobus
679 1923 712 1969 v.
730 1901 885 1990 pluribus
903 1903 943 1968 ad
964 1903 1095 1968 nodum

132 2029 242 2071 unum
257 2005 371 2091 vaginl
388 2005 561 2070 communi
580 2002 760 2093 collectis)
781 2005 1035 2097 Inflorescentiu
1051 2006 1094 2071 ob

134 2115 263 2203 spathas
272 2113 351 2178 duas
364 2135 396 2178 v.
414 2113 524 2200 plures
537 2134 616 2177 cum
627 2110 714 2177 foliis
725 2112 762 2177 in
772 2136 904 2178 summo
914 2113 999 2178 cauli
1014 2133 1094 2176 con·

131 2219 322 2306 glomeratas
334 2217 547 2304 compositam
558 2217 733 2302 aliquando
744 2215 856 2283 refert.
868 2218 962 2285 Haud
971 2220 1048 2283 raro
1058 2217 1094 2282 in

130 2325 199 2390 una
211 2336 242 2390 et
254 2323 366 2391 eadem
381 2324 492 2411 plantat
503 2324 656 2391 videntur
667 2324 763 2389 flores
778 2324 833 2389 alii
849 2346 929 2388 cum
946 2324 1093 2389 connatis

130 2430 323 2515 filamentis,
336 2429 392 2495 alii
402 2433 479 2494 curn
491 2430 658 2512 distinctis.
673 2428 804 2496 corolla
822 2429 952 2519 patens,
962 2445 1094 2519 semper

130 2537 200 2604 fere
214 2537 317 2623 fugax
327 2546 359 2601 et
371 2539 488 2604 caduca
500 2535 646 2603 :limbus
660 2538 713 2602 vel
725 2538 923 2626 'explanatus
940 2549 1025 2601 totus
1040 2536 1092 2603 vel

130 2642 433 2730 discocampanatus
444 2642 495 2708 vel
503 2640 701 2726 turbinatus,
711 2641 849 2707 laminis
862 2642 997 2708 extimis
1010 2643 1094 2732 saepe

85 2738 87 2742 ¹
130 2745 426 2814 reflexiszlucinioe
437 2745 609 2827 interiores
618 2746 718 2812 modo
729 2759 854 2833 erectas,
863 2748 988 2814 laminal
1000 2769 1094 2814 nunc

130 2838 259 2919 excisae.
276 2851 389 2933 Ststus
412 2853 430 2916 ὸ
450 2852 531 2918 tubo
550 2875 682 2944 semper
699 2855 796 2920 liber.
824 2855 866 2920 In
894 2853 1006 2921 Africa
1037 2878 1095 2920 au·

130 2960 221 3026 strali
231 2957 388 3044 frequens
397 2971 429 3024 et
443 2959 676 3046 multiformis3
693 2962 730 3026 in
742 2961 887 3047 Graecis,
896 2962 1093 3028 Mauritania

130 3078 163 3131 et
174 3063 308 3154 Europa
325 3064 533 3145 meridionali
557 3065 788 3156 (ubidesinil)
804 3067 1046 3136 subuniformis
1059 3081 1093 3136 st

131 3171 252 3261 parum
268 3167 434 3256 frequens.

173 3276 313 3342 Momm
324 3274 337 3364 (
347 3275 465 3341 Kunth
476 3299 548 3363 syn.
554 3276 607 3363 pt.
619 3278 745 3367 oequin.
761 3277 931 3346 orlisncc.
944 3279 975 3367 ),
989 3279 1026 3345 ui
1035 3278 1094 3345 fal·

127 3381 170 3446 lit
182 3392 294 3465 autor,
310 3380 399 3445 haud
412 3381 513 3467 hujus
533 3383 621 3471 loci,
639 3382 727 3449 inssi
740 3383 829 3450 enim
845 3384 997 3462 intimus,
1020 3408 1092 3451 non

127 3485 283 3563 extimae,
295 3481 385 3551 floris
395 3487 520 3553 lacinias
533 3488 690 3555 dicuntur
703 3491 928 3578 stamiuigerae'.
940 3491 1006 3556 Nec
1022 3513 1093 3558 cre·

128 3592 238 3658 dimus
252 3593 355 3681 porro
366 3592 477 3658 ullum
492 3594 639 3660 Moluium
652 3607 774 3683 typum
787 3620 926 3683 usquam
939 3598 976 3662 in
991 3596 1091 3663 Ame-

127 3697 193 3762 rica
210 3698 397 3785 provenire.
410 3697 550 3766 MouAEA
567 3699 729 3766 Herberti
743 3701 907 3790 (Lindley
926 3703 964 3768 in
978 3691 1102 3769 boton.-

128 3803 269 3892 register
282 3801 366 3892 549)
378 3805 523 3892 undique
536 3806 697 3892 Metalce,
709 3831 874 3896 nusquam
883 3809 1022 3877 MORAEA
1029 3821 1088 3875 est.
